111111111111111111111111111111111111111111111111111111111111111111111111111111111111111111111111111111111111111111111111111111111111111111111111111111111111111111111111111111111111111111111111111111111111111111111111111111111111111111111111111111111111111111111111111111111111111111111111111111111111111111111111111111111111111111111111111111111111111111111111111111111111111111111111111111111111111111111111111111111111111111111111111111111111111111111111111111111111111111111111111111111111111111111111111111111111111111111111111111111111111111111111111111111111111111111111111111111111111111111111111111111111111111111111111111111111111111111111111111111111111111111111111111111111111111111111111111111111111111111111111111111111111111111111111111111111111=50011111111111111111111111111111111111111111111111111111111111111111111111111111111111111111111111111111111111111111111111111111111111111111111111111111111111111111111111111111111111111111111111111111111111111111111111111111111111111111111111111111111111111111111111111111111111111111111111111111111111111111111111111111111111111111111111111111111111111111111111111111111111111111111111111111111111111111111111111111111111111111111111111111111111111111111111111111111111111111111111111111111111111111111111111111111111111111111111111111111111111111111111111111111111111111111111111111111111111111111111111111111111111111111111111111111111111111111111111111111111111111111111111111111111111111111111111111111111111111111111111111111111111111111111111111111111111111111111111111111111111111111111111111111111111111111111111111111111111111111111111111111111111111111111111111111111111111111111111111111111111111111111111111111111111111111111111111111111111111111111111111111111111111111111111111100000 100000*500111111111111111111111111111111111111111111111111111111111111111111111111111111111111111111111111111111111111111111111111111111111111111111111111111111111111111111111111111111111111111111111111111111111111111111111111111111111111111
66666666666666666666666666666666666666666666666666666666666666666666666666666666666666666666666666666666666666666666666666666666666666666666666666666666666666666666666666666666666666666666666666666666666666666666666666666666666666666666666666666666666666666605555 100001*500111110555561111055556111105555611110555561111055556111105555611110555561111055556111105555611110555561111055556111105555611110555561111055556111105555611110555561111055556111105555611110555561111055556111105555611110555561111055556111105555611110555561111055556111105555611110555561111055556111105555611110555561111055556111105555611110555561111055556111105555611110555561111055556111105555611110555561111055556111105555611110555561111055556111105555611110555561111055556111105555611110555561111055556111105555611110555561111055556111105555611110555561111055556111105555611110555561111055556111105555611110555561111055556111105555611110555561111055556111105555611110555561111055556111105555611110555561111055556111105555611110555561111055556111105555611110555561111055556111105555611110555561111055556111105555611110555561111055556111105555611110555561111055556111105555611110555561111055556111105555611110555561111055556111105555611110555561111055556111105555611110555561111055556111105556=500116111666666666666666666666666666666666666666666666666666666666666666666666666666666666666666666666666666666666666666666666666666666666666666666666666666666666666666666666666666666666666666666666666666666666666666666666666666666666666666666666666666666666666666666666666666666666666666666666666666666666666666666666666666666666666666666666666666666666666666666666666666666666666666666666666666666666666666666666666666666666666666666666666666666666666666666666666666666666666666666666666666666666666666666666666666666666666666666666666666666666666666666666666666666666666666666666666666666666666666666666666666666666666666666666666666666666666666666666666666666666666666666666666666666666666666666666666666666666666666666666666666666
22222222222222222222222222222222222222222222222222222222222222222222222222222222222222222222222222222222222222222222222222222222222222222222222222222222222222222222222222222222222222222222222222222222222222222222222222222222222222222222222222222222222222222222222222222222222222222222222222222222222222222222222222222222222222222222222165142 100002*500111110000022221777786666488892444373334755527111679988622449773226757687068480852605170118819845825305716107900064220937803466152899164238937443473352755167118879844625329715627909664028941643389354435133519551831185598510252017181878584650529211637989462432973562750967202878164658929043641349395234317535871504792126379694628329655629109640029421633789546431293596350295216317895864304936123499752227177678668648849245237317475872704768126859685028521651789186438493452353175158719047841265396914283936543491352395174318735847505272116779886624489732427573670748807246077300676208698048261256997082280576610690008422053781146599290236417493872344775326715687908464052941163398954243137359475032721567790866404894124339735427513671948783246557291076400694208338055461112999962222977762666968882844565330915603910144019341835385514511931983582550571210798006262096980282616569890824405734107540071420793806346095300316215897904264136939483432553571150799206238097460273016761886984482532572=500121112222222222222222222222222222222222222222222222222222222222222222222222222222222222222222222222222222222222222222222222222222222222222222222222222222222222222222222222222222222222222222222222222222222222222222222222222222222222222222222222222222222222222222222222222222222222222222222222222222222222222222222222222222222222222222222222222222222222222222222222222222222222222222222222222222222222222222222222222222222222222222222222222222222222222222222222222222222222222222222222222222222222222222222222222222222222222222222222222222222222222222222222222222222222222222222222222222222222222222222222222222222222222222222222222222222222222222222222222
77777777777777777777777777777777777777777777705880 100003*500111109444494442944489443094484943229480893350977248460323968058736015697306858572020617159262999887781144343447474353547171362636898670817653248180332367806743575470513662367906740575560510962448904310648458324028056936069695686907170562660897950839252600199771784624239050606259589990078075435514712336407685547211361436934669737685647208361526931969818683217281259339997577850442264509842482503302678697416855272119614189352097214861331937819643188482123314078355427114964328847912340407565550811253440174572540601559730985848202331707826542981488333127783944259449994277949439294598939809583490273069585690207071565630808853512172412605399615789304098654818133233780764354847132363806863571870621659128003937659647988338127633948759314998327827942939489593089985078225431014847332357807043566470783654268149733285779204401645728405925600009777484453244180452364206851572230610859451994217951239240600559760984948229330897850842252510202471703626668977708446524382046316388286129193901961=500126112777777777777777777777777777777777777777777777777777777777777777777777777777777777777777777777777777777777777777777777777777777777777777777777777777777777777777777777777777777777777777777777777777777777777777777777777777777777777777777777777777777777777777777777777777777777777777777777777777777777777777777777777777777777777777777777777777777777777777777777777777777777777777777777777777777777777777777777777777777777777777777777777777777777777777777777777777777777777777777777777777777777777777777777777777777777777777777777777777777777777777777777777777777777777777777777777777777777777777777777777777777777777777777777777777777777777777777777777777777777777777777777777777777777777777777777777777777777777777777777777777777777777777777777777777777777777777777777777777777777777777777777777777777777777777777777777777777777777777777777777777777777777777777777777777777777777777777777777777777777777777777777777777777777777777777777777777
333333333333333333333333333333333333333333333333333333333333333333333333333333333333333333333333333333333333333333333333333333333333333333333333333333333333333333333333333333333333333333333333333333333333333333333333333333333333333333333333333333333333333333333333333333333333333333333333333333333333333333333333333333333333333333333333333333333333333333333333333333333333333333333333333333333333333333333333333333333333333333333333333333333333333333333333333333333333333333333333333333333333333333333333333333333333333333333333333333333333333333333333333333333333333333333333333333333288412 100004*500111108888977774222364438755783102009252963214804741143687585829900137327840219724544351559270962494833539991733663986773862378838179806141087689825740303721184485953895177526232284041971654467154647147447435435915896697465434715944695545511512872818420596509472954415156727064250763302801221284481954055171126488273802381238083809980934095969494553551191285681906057091049691345679506153087209844939535751903257203045211524872338439795741503673186405877098249403357199045371518472594429556151087289841739663746783461994853539191765662706825060330920096529472154447155447115448715384717944615548711384877938215804701145287521832460034931936055891097689425756303081210084929936135887897817420636507873018412596829460154927136247883417996613468794581550071330480114128768182606029092169646547471434475954295161526872258442995613508792981614068770582510032932016052691225684305961094889537751823260402917216644667546631468074610348919376558271002493233603989173766382678026212284841939655747104=50013111333333333333333333333333333333333333333333333333333333333333333333333333333333333333333333333333333333333333333333333333333333333333333333333333333333333333333333333333333333333333333333333333333333333333333333333333333333333333333333333333333333333333333333333333333333333333333333333333333333333333333333333333333333333333333333333333333333333333333333333333333333333333333333333333333333333333333
